<?xml version="1.0" encoding="UTF-8"?><record xmlns="http://www.loc.gov/MARC21/slim" xmlns:cinclude="http://apache.org/cocoon/include/1.0" xmlns:zs="http://www.loc.gov/zing/srw/">
  <leader>00302nz  a2200121n  4500</leader>
  <controlfield tag="001">nr2001049993</controlfield>
  <controlfield tag="003">DLC</controlfield>
  <controlfield tag="005">20011206033128.0</controlfield>
  <controlfield tag="008">011203n| acannaabn          |n aaa     c</controlfield>
  <datafield tag="010" ind1=" " ind2=" ">
    <subfield code="a">nr2001049993</subfield>
  </datafield>
  <datafield tag="040" ind1=" " ind2=" ">
    <subfield code="a">IOrQBI</subfield>
    <subfield code="b">eng</subfield>
    <subfield code="c">IOrQBI</subfield>
  </datafield>
  <datafield tag="100" ind1="1" ind2=" ">
    <subfield code="a">Linbrunner, Lisa</subfield>
  </datafield>
  <datafield tag="670" ind1=" " ind2=" ">
    <subfield code="a">The lie, 2001:</subfield>
    <subfield code="b">t.p. (Lisa Linbrunner)</subfield>
  </datafield>
</record>